% Quellen in dem hier beschriebenen Format eintragen:
% http://en.wikibooks.org/wiki/LaTeX/Bibliography_Management
% und anschließend diese Kommentare löschen, da .bib diese nicht unterstützt

@book{goossens93,
    author    = "Michel Goossens and Frank Mittelbach and Alexander Samarin",
    title     = "The LaTeX Companion",
    year      = "1993",
    publisher = "Addison-Wesley",
    address   = "Reading, Massachusetts"
}